<?xml version="1.0" encoding="UTF-8"?><collection xmlns="http://www.loc.gov/MARC21/slim"><record><leader>00537nam--2200181-i-4500</leader><controlfield tag="001">000046673</controlfield><controlfield tag="002">20161230</controlfield><controlfield tag="005">20161230201046</controlfield><controlfield tag="008">060222s1000------------r-----000-0-rum-d</controlfield><datafield ind1=" " ind2=" " tag="040"><subfield code="a">IFIN-HH</subfield></datafield><datafield ind1=" " ind2=" " tag="041"><subfield code="a">rum</subfield></datafield><datafield ind1=" " ind2=" " tag="080"><subfield code="a">533.932(043)</subfield></datafield><datafield ind1="1" ind2=" " tag="100"><subfield code="a">Vlad, Madalina Olimpia</subfield></datafield><datafield ind1="1" ind2="0" tag="245"><subfield code="a">Metode teoretice si experimentale pentru studiul proceselor de transport anormal in plasma termonucleara</subfield><subfield code="b">Teza</subfield><subfield code="c">Madalina olimpia vlad</subfield></datafield><datafield ind1=" " ind2=" " tag="260"><subfield code="a">Bucuresti</subfield><subfield code="b">Ifa</subfield><subfield code="c">1992</subfield></datafield><datafield ind1=" " ind2=" " tag="300"><subfield code="a">177 P</subfield></datafield><datafield ind1=" " ind2=" " tag="852"><subfield code="a">79865</subfield><subfield code="c">533.9</subfield></datafield><datafield ind1=" " ind2=" " tag="CAT"><subfield code="a">Sys</subfield><subfield code="c">20110119</subfield><subfield code="h">120220</subfield></datafield></record></collection>